<?xml version="1.0" encoding="UTF-8"?><record xmlns="http://www.loc.gov/MARC21/slim" xmlns:cinclude="http://apache.org/cocoon/include/1.0" xmlns:zs="http://www.loc.gov/zing/srw/">
  <leader>00486nz  a2200121n  4500</leader>
  <controlfield tag="001">no 93030113 </controlfield>
  <controlfield tag="003">DLC</controlfield>
  <controlfield tag="005">19931018164653.6</controlfield>
  <controlfield tag="008">931008n| acannaab|          |n aaa     c</controlfield>
  <datafield tag="010" ind1=" " ind2=" ">
    <subfield code="a">no 93030113 </subfield>
  </datafield>
  <datafield tag="040" ind1=" " ind2=" ">
    <subfield code="a">OO</subfield>
    <subfield code="c">OO</subfield>
  </datafield>
  <datafield tag="100" ind1="1" ind2="0">
    <subfield code="a">Weinstein, Miriam</subfield>
    <subfield code="q">(Miriam H.)</subfield>
  </datafield>
  <datafield tag="670" ind1=" " ind2=" ">
    <subfield code="a">1993 making a difference college guide, c1993:</subfield>
    <subfield code="b">t.p. (Miriam Weinstein) publisher's CIP (Weinstein, Miriam H.) p. 185 (lives in San Rafael, Calif.; grad. of New College of Calif.; dir. of the Eco Design &amp; Builders Guild) </subfield>
  </datafield>
</record>